@manual{sample,
  author = {TU Dortmund},
  title = {Versuchsanleitung-WÃ¤rmeleitung von Metallen},

}
@manual{sample2,
  author = {TU Dortmund},
  title = {Versuchsanleitung-Das Dulong-Petitsche Gesetz},

}